<record><leader>00000cas a22000007a 4500</leader><controlfield tag="001">37631983</controlfield><controlfield tag="008">970917c19769999akuwr ne      0   a0eng c</controlfield><datafield ind1=" " ind2=" " tag="010"><subfield code="a">sn 97004607 </subfield></datafield><datafield ind1=" " ind2=" " tag="040"><subfield code="a">NSD</subfield><subfield code="b">eng</subfield><subfield code="c">NSD</subfield><subfield code="d">ANE</subfield><subfield code="d">OCLCQ</subfield><subfield code="d">OCLCF</subfield><subfield code="d">OCLCO</subfield></datafield><datafield ind1=" " ind2=" " tag="012"><subfield code="l">1</subfield><subfield code="m">1</subfield></datafield><datafield ind1="1" ind2=" " tag="022"><subfield code="a">1095-9408</subfield><subfield code="l">1095-9408</subfield><subfield code="2">1</subfield></datafield><datafield ind1="1" ind2=" " tag="029"><subfield code="a">AU@</subfield><subfield code="b">000013496095</subfield></datafield><datafield ind1=" " ind2=" " tag="032"><subfield code="a">915120</subfield><subfield code="b">USPS</subfield></datafield><datafield ind1=" " ind2=" " tag="042"><subfield code="a">nsdp</subfield><subfield code="a">pcc</subfield></datafield><datafield ind1="0" ind2=" " tag="130"><subfield code="a">Homer news (Homer, Alaska : 1976)</subfield></datafield><datafield ind1=" " ind2="0" tag="222"><subfield code="a">Homer news (Homer, Alaska)</subfield></datafield><datafield ind1="0" ind2="0" tag="245"><subfield code="a">Homer news.</subfield></datafield><datafield ind1=" " ind2=" " tag="260"><subfield code="a">Homer, Alaska :</subfield><subfield code="b">Gary Williams,</subfield><subfield code="c">1976-</subfield></datafield><datafield ind1=" " ind2=" " tag="300"><subfield code="a">v.</subfield></datafield><datafield ind1=" " ind2=" " tag="310"><subfield code="a">Weekly</subfield></datafield><datafield ind1="0" ind2=" " tag="362"><subfield code="a">Vol. 4, no. 11 (Mar. 11, 1976)-</subfield></datafield><datafield ind1=" " ind2=" " tag="515"><subfield code="a">Vol. and issue numbering irregular.</subfield></datafield><datafield ind1=" " ind2="0" tag="651"><subfield code="a">Homer (Alaska)</subfield><subfield code="v">Newspapers.</subfield></datafield><datafield ind1=" " ind2="7" tag="655"><subfield code="a">Newspapers.</subfield><subfield code="2">fast</subfield><subfield code="0">(OCoLC)fst01423814</subfield></datafield><datafield ind1=" " ind2="7" tag="651"><subfield code="a">Alaska</subfield><subfield code="z">Homer.</subfield><subfield code="2">fast</subfield><subfield code="0">(OCoLC)fst01217115</subfield></datafield><datafield ind1=" " ind2=" " tag="752"><subfield code="a">United States</subfield><subfield code="b">Alaska</subfield><subfield code="d">Homer.</subfield></datafield><datafield ind1="0" ind2="0" tag="780"><subfield code="t">Homer weekly news</subfield><subfield code="w">(DLC)sn 97060090</subfield><subfield code="w">(OCoLC)38123946</subfield></datafield></record>